@article{miller2019adversarial,
  title={Adversarial Learning in Statistical Classification: A Comprehensive Review of Defenses Against Attacks},
  author={Miller, David J and Xiang, Zhen and Kesidis, George},
  journal={arXiv preprint arXiv:1904.06292},
  year={2019}
}

@article{liu2018adv,
  title={Adv-BNN: Improved Adversarial Defense through Robust Bayesian Neural Network},
  author={Liu, Xuanqing and Li, Yao and Wu, Chongruo and Hsieh, Cho-Jui},
  journal={arXiv preprint arXiv:1810.01279},
  year={2018}
}

@article{karampatsis2019maybe,
  title={Maybe Deep Neural Networks are the Best Choice for Modeling Source Code},
  author={Karampatsis, Rafael-Michael and Sutton, Charles},
  journal={arXiv preprint arXiv:1903.05734},
  year={2019}
}

@incollection{lehman2011novelty,
  title={Novelty search and the problem with objectives},
  author={Lehman, Joel and Stanley, Kenneth O},
  booktitle={Genetic programming theory and practice IX},
  pages={37--56},
  year={2011},
  publisher={Springer}
}

@article{elsayed2018adversarial,
  title={Adversarial reprogramming of neural networks},
  author={Elsayed, Gamaleldin F and Goodfellow, Ian and Sohl-Dickstein, Jascha},
  journal={arXiv preprint arXiv:1806.11146},
  year={2018}
}

@article{alon2018code2seq,
  title={code2seq: Generating sequences from structured representations of code},
  author={Alon, Uri and Levy, Omer and Yahav, Eran},
  journal={arXiv preprint arXiv:1808.01400},
  year={2018}
}

@article{mielke2018spell,
  title={Spell once, summon anywhere: A two-level open-vocabulary language model},
  author={Mielke, Sebastian J and Eisner, Jason},
  journal={arXiv preprint arXiv:1804.08205},
  year={2018}
}

@inproceedings{wang2019convergence,
  title={On the Convergence and Robustness of Adversarial Training},
  author={Wang, Yisen and Ma, Xingjun and Bailey, James and Yi, Jinfeng and Zhou, Bowen and Gu, Quanquan},
  booktitle={International Conference on Machine Learning},
  pages={6586--6595},
  year={2019}
}

@inproceedings{gabel2010study,
  title={A study of the uniqueness of source code},
  author={Gabel, Mark and Su, Zhendong},
  booktitle={Proceedings of the eighteenth ACM SIGSOFT international symposium on Foundations of software engineering},
  pages={147--156},
  year={2010},
  organization={ACM}
}

@article{zaidi2017summarizing,
  title={Summarizing Git Commits and GitHub Pull Requests Using Sequence to Sequence Neural Attention Models},
  author={Zaidi, Ali},
  journal={CS224N: Final Project, Stanford University. useR},
  year={2017}
}

@article{babii2019modeling,
  title={Modeling vocabulary for big code machine learning},
  author={Babii, Hlib and Janes, Andrea and Robbes, Romain},
  journal={arXiv preprint arXiv:1904.01873},
  year={2019}
}